<record><leader>00000cas a22000007a 4500</leader><controlfield tag="001">18729266</controlfield><controlfield tag="008">881109d19181969paudn ne      0    0eng d</controlfield><datafield ind1=" " ind2=" " tag="010"><subfield code="a">sn 89077648 </subfield></datafield><datafield ind1=" " ind2=" " tag="040"><subfield code="a">NPH</subfield><subfield code="b">eng</subfield><subfield code="c">NPH</subfield><subfield code="d">NSD</subfield><subfield code="d">OCLCQ</subfield></datafield><datafield ind1=" " ind2=" " tag="042"><subfield code="a">msc</subfield></datafield><datafield ind1="0" ind2=" " tag="130"><subfield code="a">Record American (Mahanoy City, Pa.)</subfield></datafield><datafield ind1="1" ind2="4" tag="245"><subfield code="a">The record American.</subfield></datafield><datafield ind1=" " ind2=" " tag="260"><subfield code="a">Mahanoy City, Pa. :</subfield><subfield code="b">James H. Kirchner</subfield></datafield><datafield ind1=" " ind2=" " tag="300"><subfield code="a">v. :</subfield><subfield code="b">ill. (chiefly advertisements) ;</subfield><subfield code="c">54 cm.</subfield></datafield><datafield ind1=" " ind2=" " tag="310"><subfield code="a">Daily (except Sun.)</subfield></datafield><datafield ind1="1" ind2=" " tag="362"><subfield code="a">Began in 1918.</subfield></datafield><datafield ind1="0" ind2=" " tag="362"><subfield code="a">-96th yr., no. 81 (Apr. 5, 1969).</subfield></datafield><datafield ind1=" " ind2=" " tag="515"><subfield code="a">Issues for Sept. 17, 1919- called also. 45th yr., no. 14-</subfield></datafield><datafield ind1=" " ind2=" " tag="588"><subfield code="a">Description based on: Sept. 2, 1919.</subfield></datafield><datafield ind1=" " ind2=" " tag="752"><subfield code="a">United States</subfield><subfield code="b">Pennsylvania</subfield><subfield code="c">Schuylkill</subfield><subfield code="d">Mahanoy City.</subfield></datafield><datafield ind1="0" ind2="7" tag="785"><subfield code="t">Evening herald, and Ashland daily news</subfield><subfield code="w">(DLC)sn 86081605</subfield></datafield><datafield ind1="0" ind2="7" tag="785"><subfield code="t">Evening herald (Shenandoah, Pa. : 1969)</subfield><subfield code="x">1055-8403</subfield><subfield code="w">(DLC)sn 87078182</subfield></datafield><datafield ind1="1" ind2=" " tag="029"><subfield code="a">AU@</subfield><subfield code="b">000025881313</subfield></datafield></record>